@ARTICLE{1,
author={C. H. -. {Kim} and H. {Soeleman} and K. {Roy}},
journal={IEEETransactions on Very Large Scale Integration (VLSI) Systems},
title={Ultra-low-power DLMS adaptive filter for hearing aid applications},
year={2003},
volume={11},
number={6},
pages={1058-1067},
doi={10.1109/TVLSI.2003.819573}}


@INPROCEEDINGS{2,
author={S. {Gao} and G. {Yang} and X. {Qiu} and C. {Yang} and C. {Zhang} and B. {Li} and C. {Gao} and H. {Jiang} and Z. {Wang} and J. {Hu} and J. {Xiao} and B. {Zhang} and C. {Lee} and Y. {Zhao} and W. {Kong}},
booktitle={2019 IEEE International Electron Devices Meeting (IEDM)},
title={Programmable Linear RAM: A New Flash Memory-based Memristor for Artificial Synapses and Its Application to Speech Recognition System},
year={2019},
volume={},
number={},
pages={14.1.1-14.1.4},
doi={10.1109/IEDM19573.2019.8993598}}


@INPROCEEDINGS{3,
author={W. {Shan} and M. {Yang} and J. {Xu} and Y. {Lu} and S. {Zhang} and T. {Wang} and J. {Yang} and L. {Shi} and M. {Seok}},
booktitle={2020 IEEE International Solid- State Circuits Conference - (ISSCC)},
title={14.1 A 510nW 0.41V Low-Memory Low-Computation Keyword-Spotting Chip Using Serial FFT-Based MFCC and Binarized Depthwise Separable Convolutional Neural Network in 28nm CMOS},
year={2020},
volume={},
number={},
pages={230-232},
doi={10.1109/ISSCC19947.2020.9063000}}


@article{4,
  author    = {Yewei Zhang and
               Kejie Huang and
               Rui Xiao and
               Haibin Shen},
  title     = {An 8-bit In Resistive Memory Computing Core with Regulated Passive
               Neuron and Bit Line Weight Mapping},
  journal   = {CoRR},
  volume    = {abs/2008.11669},
  year      = {2020},
  url       = {https://arxiv.org/abs/2008.11669},
  archivePrefix = {arXiv},
  eprint    = {2008.11669},
  timestamp = {Tue, 15 Sep 2020 20:52:22 +0200},
  biburl    = {https://dblp.org/rec/journals/corr/abs-2008-11669.bib},
  bibsource = {dblp computer science bibliography, https://dblp.org}
}


@ARTICLE{5,
author={H.E.Yantir and Wenzhe Guo and A.M.Eltawil and F.J.Kurdahi and K.N.Salama},
journal={Micromachines(Basel)},
title={An Ultra-Area-Efficient 1024-Point In-Memory FFT Processor},
year={2019},
volume={10},
number={8},
pages={},
doi={}}


@ARTICLE{6,
author={N. {Le Ba} and T. T. {Kim}},
journal={IEEE Transactions on Circuits and Systems I: Regular Papers},
title={An Area Efficient 1024-Point Low Power Radix-22 FFT Processor With Feed-Forward Multiple Delay Commutators},
year={2018},
volume={65},
number={10},
pages={3291-3299},
doi={10.1109/TCSI.2018.2831007}}


@article{7,
  author    = {Shaohan Liu and
               Dake Liu},
  title     = {A High-Flexible Low-Latency Memory-Based {FFT} Processor for 4G, WLAN,
               and Future 5G},
  journal   = {{IEEE} Trans. Very Large Scale Integr. Syst.},
  volume    = {27},
  number    = {3},
  pages     = {511--523},
  year      = {2019},
  url       = {https://doi.org/10.1109/TVLSI.2018.2879675},
  doi       = {10.1109/TVLSI.2018.2879675},
  timestamp = {Wed, 11 Mar 2020 18:16:55 +0100},
  biburl    = {https://dblp.org/rec/journals/tvlsi/LiuL19.bib},
  bibsource = {dblp computer science bibliography, https://dblp.org}
}
